00584cas a22002291a 4500
001 999311083502836
003 Nz
005 20160321142721.0
008 040109d19321936nz  r ne      0   0 eng d
035    $a (NLNZils)931108
035    $a (Nz)8177792
035    $a (NLNZils)931108-ilsdb
035    $a (OCoLC)173422484
040    $a WN $c WN
042    $a nznb
043    $a u-nz---
245 00 $a Owaka news.
260    $a [Owaka, N.Z. : $b s.n., $c 1932-1936]
310    $a Weekly
362 0  $a 1932 Jul.15-1936 Sep.18
651  0 $a Owaka (N.Z.) $v Newspapers.
655  7 $a New Zealand newspapers. $2 local $5 Nz
